@article{cho2020client,
  title={Client Selection in Federated Learning: Convergence Analysis and
    Power-of-Choice Selection Strategies},
  author={Cho, Yae Jee and Wang, Jianyu and Joshi, Gauri},
  journal={arXiv preprint arXiv:2010.01243},
  year={2020}
}

@Article{kairouz2019advances,
  title={Advances and open problems in federated learning},
  author={Kairouz, Peter and McMahan, H Brendan and Avent, Brendan and Bellet,
          Aur'elien and Bennis, Mehdi and Bhagoji, Arjun Nitin and Bonawitz, Keith
          and Charles, Zachary and Cormode, Graham and Cummings, Rachel and others},
  journal={arXiv preprint arXiv:1912.04977},
  year={2019}
}

@Article{li2020federated,
  title={Federated learning: Challenges, methods, and future directions},
  author={Li, Tian and Sahu, Anit Kumar and Talwalkar, Ameet and Smith, Virginia},
  journal={IEEE Signal Processing Magazine},
  year={2020},
}


@inproceedings{mahajan2009planar,
  title={The planar k-means problem is NP-hard},
  author={Mahajan, Meena and Nimbhorkar, Prajakta and Varadarajan, Kasturi},
  booktitle={International Workshop on Algorithms and Computation},
  year={2009},
}
  
@inproceedings{inaba,
  author = {Inaba, Mary and Katoh, Naoki and Imai, Hiroshi},
  title = {Applications of Weighted Voronoi Diagrams and Randomization to
    Variance-Based k-Clustering: (Extended Abstract)},
  year = {1994},
  booktitle = {Proceedings of the Tenth Annual Symposium on Computational
    Geometry},
}
  

@inproceedings{arthur01slow,
    title={How slow is the k-means method?},
    author={Arthur, David and Vassilvitskii, Sergei},
    booktitle={Proceedings of the Twenty-Second Annual Symposium on
    Computational Geometry},
    year={2006}
}

@Book{duda01,
    title={Pattern classification},
    author={Duda, Richard O and Hart, Peter E and Stork, David G},
    year={2012},
    publisher={John Wiley \& Sons}
}

@inproceedings{kumarkannan01,
  title={Clustering with spectral norm and the k-means algorithm},
  author={Kumar, Amit and Kannan, Ravindran},
  booktitle={Annual Symposium on Foundations of Computer
  Science},
  year={2010},
}

@incollection{dhillon2002data,
  title={A data-clustering algorithm on distributed memory multiprocessors},
  author={Dhillon, Inderjit S and Modha, Dharmendra S},
  booktitle={Large-Scale Parallel Data Mining},
  year={2002},
}

@article{kannanvempala01,
  title={Spectral Algorithms (draft)},
  author={Kannan, Ravindran and Vempala, Santosh},
  year={2010}
}

@article{lloyd01,
  title={Least squares quantization in PCM},
  author={Lloyd, Stuart},
  journal={IEEE transactions on information theory},
  year={1982},
}

@incollection{awasthisheffet01,
  title={Improved spectral-norm bounds for clustering},
  author={Awasthi, Pranjal and Sheffet, Or},
  booktitle={Approximation, Randomization, and Combinatorial Optimization. Algorithms and Techniques},
  year={2012},
} 

@article{ostrovsky01,
  title={The effectiveness of Lloyd-type methods for the k-means problem},
  author={Ostrovsky, Rafail and Rabani, Yuval and Schulman, Leonard J and
  Swamy, Chaitanya},
  journal={Journal of the ACM},
  year={2013},
}

@techreport{arthur02,
  title={k-means++: The advantages of careful seeding},
  author={Arthur, David and Vassilvitskii, Sergei},
  year={2006},
  institution={Stanford}
}

@inproceedings{dasgupta01,
  title={Learning mixtures of Gaussians},
  author={Dasgupta, Sanjoy},
  booktitle={Symposium on Foundations of Computer Science},
  year={1999},
}

@article{dasguptashulman01,
  title={A probabilistic analysis of EM for mixtures of separated, spherical
         Gaussians},
  author={Dasgupta, Sanjoy and Schulman, Leonard},
  journal={Journal of Machine Learning Research},
  year={2007}
}

@inproceedings{achlioptasmcsherry01,
  title={On spectral learning of mixtures of distributions},
  author={Achlioptas, Dimitris and McSherry, Frank},
  booktitle={International Conference on Computational Learning Theory},
  year={2005},
}

@inproceedings{mcsherry2001spectral,
  title={Spectral partitioning of random graphs},
  author={McSherry, Frank},
  booktitle={Symposium on Foundations of Computer Science},
  year={2001},
}


@article{kannansalmasianvempala01,
  title={The spectral method for general mixture models},
  author={Kannan, Ravindran and Salmasian, Hadi and Vempala, Santosh},
  journal={SIAM Journal on Computing},
  volume={38},
  number={3},
  pages={1141--1156},
  year={2008},
  publisher={SIAM}
}

@article{vempalawang01,
  title={A spectral algorithm for learning mixture models},
  author={Vempala, Santosh and Wang, Grant},
  journal={Journal of Computer and System Sciences},
  volume={68},
  number={4},
  pages={841--860},
  year={2004},
  publisher={Elsevier}
}

@article{matouvsek01,
  title={On approximate geometric k-clustering},
  author={Matou{\v{s}}ek, Jir{\i}},
  journal={Discrete \& Computational Geometry},
  volume={24},
  number={1},
  pages={61--84},
  year={2000},
  publisher={Springer}
}

@inproceedings{kumar2004simple,
  title={A simple linear time (1+/spl epsiv/)-approximation algorithm for
  k-means clustering in any dimensions},
  author={Kumar, Amit and Sabharwal, Yogish and Sen, Sandeep},
  booktitle={Symposium on Foundations of Computer
  Science},
  year={2004},
}

@article{nina01,
  title={Clustering under approximation stability},
  author={Balcan, Maria-Florina and Blum, Avrim and Gupta, Anupam},
  journal={Journal of the ACM},
  year={2013},
}

@inproceedings{mcmahan2017communication,
  title={Communication-efficient learning of deep networks from decentralized data},
  author={McMahan, Brendan and Moore, Eider and Ramage, Daniel and Hampson,
          Seth and y Arcas, Blaise Aguera},
  booktitle={Artificial Intelligence and Statistics},
  year={2017},
}

@article{bahmani2012scalable,
  title={Scalable K-Means+},
  author={Bahmani, Bahman and Moseley, Benjamin and Vattani, Andrea and Kumar, Ravi and Vassilvitskii, Sergei},
  journal={Proceedings of the VLDB Endowment},
  year={2012}
}


@incollection{xu1999fast,
  title={A fast parallel clustering algorithm for large spatial databases},
  author={Xu, Xiaowei and J{\"a}ger, Jochen and Kriegel, Hans-Peter},
  booktitle={High Performance Data Mining},
  year={1999},
}

@article{wang2020,
  title={Federated Clustering via Matrix Factorization Models: From Model
    Averaging to Gradient Sharing
  },
  author={Wang, Shuai and Chang, Tsung-Hui},
  journal={arXiv preprint arXiv:2002.04930},
 year={2020}
}

@inproceedings{ester1996density,
  title={A density-based algorithm for discovering clusters in large spatial databases with noise},
  author={Ester, Martin and Kriegel, Hans-Peter and Sander, J{\"o}rg and Xu, Xiaowei and others},
  booktitle={International Conference on Knowledge Discovery \& Data Mining},
  year={1996}
}

@inproceedings{januzaj2004dbdc,
  title={Dbdc: Density based distributed clustering},
  author={Januzaj, Eshref and Kriegel, Hans-Peter and Pfeifle, Martin},
  booktitle={International Conference on Extending Database Technology},
  year={2004},
}

@inproceedings{balcan2013distributed,
  title={Distributed $ k $-means and $ k $-median Clustering on General Topologies},
  author={Balcan, Maria-Florina  and Ehrlich, Steven and Liang, Yingyu},
  booktitle={Advances in Neural Information Processing Systems},
  year={2013}
}

@inproceedings{dutta2005k,
  title={K-means clustering over peer-to-peer networks},
  author={Datta, Souptik and Giannella, Chris and Kargupta, Hillol and others},
  booktitle={International Workshop on High Performance and Distributed Mining},
  year={2005}
}

@inproceedings{tasoulis2004unsupervised,
  title={Unsupervised distributed clustering.},
  author={Tasoulis, Dimitris K and Vrahatis, Michael N},
  booktitle={Parallel and Distributed Computing and Networks},
  year={2004}
}

@inproceedings{feldman2012effective,
  title={An effective coreset compression algorithm for large scale sensor networks},
  author={Feldman, Dan and Sugaya, Andrew and Rus, Daniela},
  booktitle={International Conference on Information Processing in Sensor
             Networks},
  year={2012},
}

@inproceedings{bachem2018scalable,
  title={Scalable k-means clustering via lightweight coresets},
  author={Bachem, Olivier and Lucic, Mario and Krause, Andreas},
  booktitle={International Conference on Knowledge Discovery \& Data Mining},
  year={2018}
}

@inproceedings{bateni2014distributed,
  title={Distributed balanced clustering via mapping coresets},
  author={Bateni, MohammadHossein and Bhaskara, Aditya and Lattanzi, Silvio and Mirrokni, Vahab},
  booktitle={Advances in Neural Information Processing Systems},
  year={2014}
}

@article{kargupta2001distributed,
  title={Distributed clustering using collective principal component analysis},
  author={Kargupta, Hillol and Huang, Weiyun and Sivakumar, Krishnamoorthy and
          Johnson, Erik},
  journal={Knowledge and Information Systems},
  year={2001},
}


@misc{EMNIST,
Author = {Gregory Cohen and Saeed Afshar and Jonathan Tapson and Andr√© van Schaik},
Title = {EMNIST: an extension of MNIST to handwritten letters},
Year = {2017},
Eprint = {arXiv:1702.05373},
}

@article{NEURIPS,
Author = {Valerio Perrone and Paul A. Jenkins and Dario Spano and Yee Whye Teh},
Title = {Poisson Random Fields for Dynamic Feature Models},
Year = {2016},
journal= {arXiv:1611.07460},
}

@misc{UCI,
author = "Dua, Dheeru and Graff, Casey",
year = "2017",
title = "{UCI} Machine Learning Repository",
url = "http://archive.ics.uci.edu/ml",
institution = "University of California, Irvine, School of Information and
Computer Sciences" } 

@inproceedings{li2018federated,
  title={Federated optimization in heterogeneous networks},
  author={Li, Tian and Sahu, Anit Kumar and Zaheer, Manzil and Sanjabi, Maziar and Talwalkar, Ameet and Smith, Virginia},
  booktitle={Proceedings of Machine Learning and Systems},
  year={2020}
}

@inproceedings{mohri2019agnostic,
  title={Agnostic federated learning},
  author={Mohri, Mehryar and Sivek, Gary and Suresh, Ananda Theertha},
  booktitle={International Conference on Machine Learning},
  year={2019}
}

@inproceedings{smith2017federated,
  title={Federated multi-task learning},
  author={Smith, Virginia and Chiang, Chao-Kai and Sanjabi, Maziar and Talwalkar, Ameet S},
  booktitle={Advances in Neural Information Processing Systems},
  year={2017}
}

@article{mansour2020three,
  title={Three approaches for personalization with applications to federated learning},
  author={Mansour, Yishay and Mohri, Mehryar and Ro, Jae and Suresh, Ananda Theertha},
  journal={arXiv preprint arXiv:2002.10619},
  year={2020}
}

@article{ghosh2020,
  Author = {Avishek Ghosh and Jichan Chung and Dong Yin and Kannan
            Ramchandran},
  Title = {An Efficient Framework for Clustered Federated Learning},
  Year = {2020},
  journal= {arXiv:2006.04088},
}

@article{sattler2020clustered,
  title={Clustered Federated Learning: Model-Agnostic Distributed Multitask
    Optimization Under Privacy Constraints},
  author={Sattler, Felix and M{\"u}ller, Klaus-Robert and Samek, Wojciech},
  journal={IEEE Transactions on Neural Networks and Learning Systems},
  year={2020},
  publisher={IEEE}
}

@article{ghosh2019robust,
  title={Robust federated learning in a heterogeneous environment},
  author={Ghosh, Avishek and Hong, Justin and Yin, Dong and Ramchandran, Kannan},
  journal={arXiv preprint arXiv:1906.06629},
  year={2019}
}

@inproceedings{dasgupta2007spectral,
  title={Spectral clustering with limited independence},
  author={Dasgupta, Anirban and Hopcroft, John and Kannan, Ravi and Mitra,
    Pradipta},
  booktitle={Proceedings of the Eighteenth Annual ACM-SIAM symposium on
    Discrete Algorithms},
  year={2007},
}
